<?xml version="1.0" encoding="UTF-8"?><collection xmlns="http://www.loc.gov/MARC21/slim"><record><leader>00402nam--2200133-i-4500</leader><controlfield tag="001">000003601</controlfield><controlfield tag="002">20161230</controlfield><controlfield tag="005">20161230201025</controlfield><controlfield tag="008">060222s1000------------r-----000-0-eng-d</controlfield><datafield ind1=" " ind2=" " tag="080"><subfield code="a">621.380</subfield></datafield><datafield ind1=" " ind2=" " tag="100"><subfield code="a">Brown, George H., Cyril, Hoyler N., Bierwirth, Rudolph A</subfield></datafield><datafield ind1=" " ind2=" " tag="245"><subfield code="a">Theory and application of radio frequency heat ing</subfield></datafield><datafield ind1=" " ind2=" " tag="260"><subfield code="a">Toronto, ... ,  D.Van Nostrand , /1947/ Xiv + 370 P</subfield></datafield><datafield ind1=" " ind2=" " tag="852"><subfield code="a">2047</subfield></datafield></record></collection>